%------- MANUALES -------%
@manual{ manual:IEEE802.11,
       author	= "IEEE",
       title	= "Normativa IEEE802.11",
       url		= "https://standards.ieee.org/ieee/802.11/5536/",
       note 	= "\url{https://standards.ieee.org/ieee/802.11/5536/}"
}%usado
@manual{ manual:DHT22,
       author	= "Sparkfun",
       title	= "DHT22 Digital-output relative humidity \& temperature sensor/module",
       url		= "https://www.sparkfun.com/datasheets/Sensors/Temperature/DHT22.pdf",
       note 	= "\url{https://www.sparkfun.com/datasheets/Sensors/Temperature/DHT22.pdf}"
}%usado
@manual{ manual:BH1750,
       author	= "Handsontec",
       title	= "BH1750 Ambient Light Sensor Module",
       url		= "https://www.handsontec.com/dataspecs/sensor/BH1750%20Light%20Sensor.pdf",
       note 	= "\url{https://www.handsontec.com/dataspecs/sensor/BH1750%20Light%20Sensor.pdf}"
}%usado
@manual{ manual:LedRGB,
       author	= "datasheetspdf",
       title	= "KY-016 RGB 5mm LED module",
       url		= "https://datasheetspdf.com/mobile/1402027/Joy-IT/KY-016/1",
       note 	= "\url{https://datasheetspdf.com/mobile/1402027/Joy-IT/KY-016/1}"
}%usado
@manual{ manual:UART,
       author	= "IEEEXPLORE",
       title	= "Analysis of UART Communication Protocol",
       url		= "https://ieeexplore.ieee.org/document/9936199",
       note 	= "\url{https://ieeexplore.ieee.org/document/9936199}"
}%usado
@manual{ manual:SPI-I2C,
       author	= "IEEEXPLORE",
       title	= "An introduction to I2C and SPI protocols",
       url		= "https://ieeexplore.ieee.org/document/4762946",
       note 	= "\url{https://ieeexplore.ieee.org/document/4762946}"
}%usado
@manual{ manual:HTTP,
	author = "Fielding, R., Gettys, J., Mogul, J., Frystyk, H., Masinter, L., Leach, P., \& Berners-Lee, T. (1999)",
	title	= "Hypertext Transfer Protocol -- HTTP/1.1",
	year		= "1999",
	url		= "https://www.ietf.org/rfc/rfc2616.txt",
	note 	= "\url{https://www.ietf.org/rfc/rfc2616.txt}"
}%usado
@manual{ manual:MQTT,
       author	= "IEEEXPLORE",
       title	= "MQTT Protocol: Fundamentals, Tools and Future Directions",
       url		= "https://ieeexplore.ieee.org/document/8931137",
       note 	= "\url{https://ieeexplore.ieee.org/document/8931137}"
}%usado
@manual{ manual:Oled,
       author	= "waveshare",
       title	= "Pantalla oled sh1106 128x64 1.3 pulgadas datasheet",
       url		= "https://www.waveshare.com/w/upload/e/e3/1.3inch-SH1106-OLED.pdf",
       note 	= "\url{https://www.waveshare.com/w/upload/e/e3/1.3inch-SH1106-OLED.pdf}"
}%usado
@manual{ manual:GNU,
       author = "GNU",
       title = "Free Software Foundation, Inc",
       url = "https://commons.wikimedia.org/wiki/Commons:GNU_Free_Documentation_License,_version_1.2",
       note = "\url{https://commons.wikimedia.org/wiki/Commons:GNU_Free_Documentation_License,_version_1.2}"
}
@misc{ manual:RPiPicoW_datasheet,
	author	= "Raspberry Pi Foundation",
	title	= "Raspberry Pi Pico W - Datasheet",
	url 	= "https://datasheets.raspberrypi.com/picow/pico-w-datasheet.pdf",
	note	= "\url{https://datasheets.raspberrypi.com/picow/pico-w-datasheet.pdf}",
}%usado
%------- WIKI -------%
%Wikipedia o Wikibooks
@misc{ wiki:micropython,
	author = "Equipo de Desarrollo de MicroPython",
	title = "MicroPython Documentation",
	year = "2024",
	month= "1",
	url = "https://github.com/micropython/micropython/wiki",
	note = "\url{https://github.com/micropython/micropython/wiki}"
}%usado
@misc{ wiki:SensorHumedadSuelo,
	author = "DFROBOT",
	title = "Capacitive Soil Moisture Sensor",
	year = "2024",
	month= "1",
	url = "https://wiki.dfrobot.com/Capacitive_Soil_Moisture_Sensor_SKU_SEN0193",
	note = "\url{https://wiki.dfrobot.com/Capacitive_Soil_Moisture_Sensor_SKU_SEN0193}"
}%usado
@misc{ wiki:Creative,
       author = "Creative Commons",
       title = "Norma Creative Commons",
       url = "https://creativecommons.org/licenses/by-sa/3.0/deed.es_ES",
       note = "\url{https://creativecommons.org/licenses/by-sa/3.0/deed.es_ES}"
}
%------- MISCELÁNEA -------%
%documentos electrónicos, artículos de revistas, etc
@misc{ misc:IEEE,
       author	= "IEEE",
       title	= "History of IEEE",
       url		= "https://www.ieee.org/about/ieee-history.html",
       note 	= "\url{https://www.ieee.org/about/ieee-history.html}"
}%usado
@misc{ misc:IEEE802_3,
       author	= "IEEE",
       title	= "IEEE 802.3 ETHERNET WORKING GROUP",
       url		= "https://www.ieee802.org/3/",
       note 	= "\url{https://www.ieee802.org/3/}"
}%usado
@misc{ misc:IEEE802_15,
	   author	= "IEEE",
	   title	= "IEEE 802.15 Working Group for Wireless Specialty Networks (WSN)",
	   url		= "https://www.ieee802.org/15/",
	   note 	= "\url{https://www.ieee802.org/15/}"
}%usado
@misc{ misc:gpio,
       author = "Raspberry Pi Foundation",
       title = "GPIO",
       url = "https://projects.raspberrypi.org/en/projects/physical-computing/1",
       note = "\url{https://projects.raspberrypi.org/en/projects/physical-computing/1}"
}%usado
@misc{ misc:RPiPicoW,
	author	= "Raspberry Pi Foundation",
	title	= "Raspberry Pi Pico W",
	url 	= "https://www.raspberrypi.com/documentation/microcontrollers/raspberry-pi-pico.html#raspberry-pi-pico-w",
	note	= "\url{https://www.raspberrypi.com/documentation/microcontrollers/raspberry-pi-pico.html#raspberry-pi-pico-w}",
}%usado
@misc{ misc:Git,
	author	= "Git",
	title	= "free and open source distributed version control system",
	url 	= "https://git-scm.com/",
	note	= "\url{https://git-scm.com/}",
}%usado
@misc{ misc:Github,
	author	= "Github",
	title	= "Github",
	url 	= "https://github.com/",
	note	= "\url{https://github.com/}",
}%usado
@misc{ misc:Bitbucket,
	author	= "Bitbucket",
	title	= "Bitbucket",
	url 	= "https://bitbucket.org/",
	note	= "\url{https://bitbucket.org/}",
}%usado
@misc{ misc:SVN,
	author	= "SVN",
	title	= "Apache Subversion",
	url 	= "https://subversion.apache.org/",
	note	= "\url{https://subversion.apache.org/}",
}%usado
@misc{ misc:Thonny,
	author	= "Thonny",
	title	= "Python IDE for beginners",
	url 	= "https://thonny.org/",
	note	= "\url{https://thonny.org/}",
}%usado
@misc{ misc:Telegram,
	author	= "Telegram",
	title	= "Telegram",
	url 	= "https://telegram.org/",
	note	= "\url{https://telegram.org/}",
}
@misc{ misc:Telegram_bots,
	author	= "Telegram",
	title	= "Telegram bots",
	url 	= "https://core.telegram.org/bots",
	note	= "\url{https://core.telegram.org/bots}",
}%usado
@misc{ misc:Telegram_api,
	author	= "Telegram",
	title	= "Telegram API",
	url 	= "https://core.telegram.org/api",
	note	= "\url{https://core.telegram.org/api}",
}%usado
@misc{ misc:WorlTimeAPI,
	author	= "WorlTimeAPI",
	title	= "Simple web service which returns the current local time for a given timezone",
	url 	= "http://worldtimeapi.org/",
	note	= "\url{http://worldtimeapi.org/}",
}%usado
@misc{ misc:Fritzing,
	author	= "Fritzing",
	title	= "Electronics made easy",
	url 	= "https://fritzing.org/",
	note	= "\url{https://fritzing.org/}",
}%usado
@misc{ misc:Latex,
	author	= "LaTeX",
	title	= "The LaTeX project",
	url 	= "https://www.latex-project.org/",
	note	= "\url{https://www.latex-project.org/}",
}%usado
@misc{ misc:Overleaf,
	author	= "Overleaf",
	title	= "Overleaf",
	url 	= "https://www.overleaf.com/",
	note	= "\url{https://www.overleaf.com/}",
}%usado
@misc{ misc:Powerbank,
	author	= "Amazon",
	title	= "Batería externa 20000 mAh",
	url 	= "https://www.amazon.es/YWTESCH-20000mAh-Cargador-Powerbank-Compatible/dp/B08B4HHJVH",
	note	= "\url{https://www.amazon.es/YWTESCH-20000mAh-Cargador-Powerbank-Compatible/dp/B08B4HHJVH}",
}%usado
@misc{ misc:EnrutadorWifi,
	author	= "Amazon",
	title	= "Enrutador Wifi USB 4G LTE, router Wifi portátil de 150 Mbps",
	url 	= "https://www.amazon.com/-/es/Enrutador-enrutador-exteriores-computadoras-port%C3%A1tiles/dp/B0C3BKF7HP/",
	note	= "\url{https://www.amazon.com/-/es/Enrutador-enrutador-exteriores-computadoras-port%C3%A1tiles/dp/B0C3BKF7HP/}",
}%usado
@misc{ misc:PanelSolar,
	author	= "Led-atomant",
	title	= "Panel solar IP65 de 8W y 5V con cargador USB tipo C",
	url 	= "https://led-atomant.com/es/jardin-y-solar/506-panel-solar-ip65-de-8w-y-5v-con-cargador-usb-tipo-c.html",
	note	= "\url{https://led-atomant.com/es/jardin-y-solar/506-panel-solar-ip65-de-8w-y-5v-con-cargador-usb-tipo-c.html}",
}%usado
@misc{ misc:RPiPico,
	author	= "Raspberry Pi Foundation",
	title	= "Raspberry Pi Pico",
	url 	= "https://www.raspberrypi.com/documentation/microcontrollers/raspberry-pi-pico.html",
	note	= "\url{https://www.raspberrypi.com/documentation/microcontrollers/raspberry-pi-pico.html}",
}
@misc{ misc:RbPWeb,
       author = "Raspberry Pi Foundation",
       title = "Raspberry Pi Foundation",
	   year	= "2024",
	   month= "1",
       url = "https://www.raspberrypi.org/",
       note = "\url{https://www.raspberrypi.org/}"
}
@misc{ misc:Python,
       author = "BOE",
       title = "Python Software Foundation",
       url = "https://www.python.org",
       note = "\url{https://www.python.org}"
}
@misc{ misc:Json,
       author = "ECMA",
       title = "JavaScript Object Notation",
       url = "https://www.json.org/json-es.html",
       note = "\url{https://www.json.org/json-es.html}"
}
@misc{ misc:OpenSource,
       author = "OpenSource",
       title = "OpenSource",
       url = "https://opensource.org/",
       note = "\url{https://opensource.org/}"
}
%------- INPROCEEDINGS -------%
//@inproceedings{inproceedings:CitaDomotica,
    //author = "Musaddiq, Arslan and Amin, Farhan and Zikria, Yousaf and Bajracharya, Rojeena and Kim, Sung",
    //year = {2017},
    //month = {05},
    //title = {RASPBERRY PI-BASED SMART HOME AUTOMATION SYSTEM FOR INTERNET OF THINGS}
//}
//@book{koza92,
		//author    = "Koza, John R.",
		//title     = "Genetic Programming: On the Programming of Computers by Means of Natural Selection",
		//publisher = "MIT Press",
		//year      = "1992"
//}
//@article{bortolot2005,
  //title={Estimating forest biomass using small footprint LiDAR data: An individual tree-based approach that incorporates training data},
  //author={Bortolot, Zachary J and Wynne, Randolph H},
  //journal={ISPRS Journal of Photogrammetry and Remote Sensing},
  //volume={59},
  //number={6},
  //pages={342--360},
  //year={2005},
  //publisher={Elsevier}
//}
