%------- MANUALES -------%
@manual{ manual:GNU,
       author = "GNU",
       title = "Free Software Foundation, Inc",
       url = {https://commons.wikimedia.org/wiki/Commons:GNU_Free_Documentation_License,_version_1.2},
       note = "\url{https://commons.wikimedia.org/wiki/Commons:GNU_Free_Documentation_License,_version_1.2}"
}
@manual{ lic:GPL3,
       author = "GNU",
       title = "Licencia GPL3",
       url = {https://www.gnu.org/licenses/gpl-3.0.html},
       note = "\url{https://www.gnu.org/licenses/gpl-3.0.html}"
}
%------- WIKI -------%
@misc{ wiki:latex,
       author = "Wikipedia",
       title = "LaTeX --- Wikipedia{,} La enciclopedia libre",
       year = "2015",
       howpublished = {\url{https://es.wikipedia.org/w/index.php?title=LaTeX&oldid=84209252}},
       note = "[Internet; descargado 30-septiembre-2015]"
}
@misc{ wiki:Creative,
       author = "Creative Commons",
       title = "Norma Creative Commons",
       url = {https://creativecommons.org/licenses/by-sa/3.0/deed.es_ES},
       note = "\url{https://creativecommons.org/licenses/by-sa/3.0/deed.es_ES}"
}
%------- MISCEL√ÅNEA -------%
@misc{ misc:RbPWeb,
       author = "Raspberry Pi Foundation",
       title = "Raspberry Pi Foundation",
       url = {https://www.raspberrypi.org/},
       note = "\url{https://www.raspberrypi.org/}"
}
@misc{ misc:RPiPico,
	author	= "Raspberry Pi Foundation",
	author	= "Raspberry Pi Pico",
	url 	= {https://www.raspberrypi.com/documentation/microcontrollers/raspberry-pi-pico.html},
	note	= "\url{https://www.raspberrypi.com/documentation/microcontrollers/raspberry-pi-pico.html}",
}
@misc{ misc:RPiPicoW,
	author	= "Raspberry Pi Foundation",
	author	= "Raspberry Pi Pico W",
	url 	= {https://www.raspberrypi.com/documentation/microcontrollers/raspberry-pi-pico.html#raspberry-pi-pico-w},
	note	= "\url{https://www.raspberrypi.com/documentation/microcontrollers/raspberry-pi-pico.html#raspberry-pi-pico-w}",
}
@misc{ misc:Python,
       author = "Python",
       title = "Python Software Foundation",
       url = {https://www.python.org},
       note = "\url{https://www.python.org}"
}
@misc{ misc:Json,
       author = "ECMA",
       title = "JavaScript Object Notation",
       url = {https://www.json.org/json-es.html},
       note = "\url{https://www.json.org/json-es.html}"
}
@misc{ misc:OpenSource,
       author = "OpenSource",
       title = "OpenSource",
       url = {https://opensource.org/},
       note = "\url{https://opensource.org/}"
}
@misc{ misc:TelegramApp,
       author = "Telegram",
       title = "TelegramApp",
       url = {https://telegram.org/apps},
       note = "\url{https://telegram.org/apps}"
}

@misc{ misc:TelegramApi,
       author = "Telegram",
       title = "TelegramApi",
       url = {https://core.telegram.org/api},
       note = "\url{https://core.telegram.org/api}"
}
@misc{ misc:Fritzing,
       author = "Fritzing",
       title = "Fritzing",
       url = {https://fritzing.org/download/},
       note = "\url{https://fritzing.org/download/}"
}
@misc{ misc:WikiLicencia,
       author = "Wikipedia",
       title = "Licencias Software",
       url = {https://es.wikipedia.org/wiki/Licencia_de_software},
       note="\url{https://es.wikipedia.org/wiki/Licencia_de_software}"
}
%------- INPROCEEDINGS -------%
@inproceedings{inproceedings:CitaDomotica,
    author = "Musaddiq, Arslan and Amin, Farhan and Zikria, Yousaf and Bajracharya, Rojeena and Kim, Sung",
    year = {2017},
    month = {05},
    title = {RASPBERRY PI-BASED SMART HOME AUTOMATION SYSTEM FOR INTERNET OF THINGS}
}
//@book{koza92,
		//author    = "Koza, John R.",
		//title     = "Genetic Programming: On the Programming of Computers by Means of Natural Selection",
		//publisher = "MIT Press",
		//year      = "1992"
//}
//@misc{ wiki:latex,
       //author = "Wikipedia",
       //title = "LaTeX --- Wikipedia{,} La enciclopedia libre",
       //year = "2015",
       //url = "https://es.wikipedia.org/w/index.php?title=LaTeX&oldid=84209252",
       //note = "[Internet; descargado 30-septiembre-2015]"
//}
