%------- MANUALES -------%
@manual{ manual:GPL3,
       author = "GNU",
       title = "Licencia GPL3",
       url = {https://www.gnu.org/licenses/gpl-3.0.html},
       note = "\url{https://www.gnu.org/licenses/gpl-3.0.html}"
}
@manual{ manual:SegurirdadSocial,
       author = "Seguridad Social",
       title = "Información General sobre cotización",
       year = "2024",
       url = {https://www.seg-social.es/wps/portal/wss/internet/Trabajadores/CotizacionRecaudacionTrabajadores/10721/10957/583},
       note = "\url{https://www.seg-social.es/wps/portal/wss/internet/Trabajadores/CotizacionRecaudacionTrabajadores/10721/10957/583}"
}
@manual{ manual:Hyper_V,
       author	= "Microsoft",
       title	= "Introduction to Hyper-V",
       url		= "https://learn.microsoft.com/en-us/virtualization/hyper-v-on-windows/about/",
       note 	= "\url{https://learn.microsoft.com/en-us/virtualization/hyper-v-on-windows/about/}"
}
@manual{ manual:CSharp,
       author	= "Microsoft",
       title	= "C Sharp documentation",
       url		= "https://learn.microsoft.com/en-us/dotnet/csharp/",
       note 	= "\url{https://learn.microsoft.com/en-us/dotnet/csharp/}"
}
@manual{ manual:IEEE802.11,
       author	= "IEEE",
       title	= "Normativa IEEE802.11",
       url		= "https://standards.ieee.org/ieee/802.11/5536/",
       note 	= "\url{https://standards.ieee.org/ieee/802.11/5536/}"
}
@manual{ manual:DHT22,
       author	= "Sparkfun",
       title	= "DHT22 Digital-output relative humidity \& temperature sensor/module",
       url		= "https://www.sparkfun.com/datasheets/Sensors/Temperature/DHT22.pdf",
       note 	= "\url{https://www.sparkfun.com/datasheets/Sensors/Temperature/DHT22.pdf}"
}
@manual{ manual:BH1750,
       author	= "Handsontec",
       title	= "BH1750 Ambient Light Sensor Module",
       url		= "https://www.handsontec.com/dataspecs/sensor/BH1750%20Light%20Sensor.pdf",
       note 	= "\url{https://www.handsontec.com/dataspecs/sensor/BH1750%20Light%20Sensor.pdf}"
}
@manual{ manual:LedRGB,
       author	= "datasheetspdf",
       title	= "KY 016 RGB 5mm LED module",
       url		= "https://datasheetspdf.com/mobile/1402027/Joy-IT/KY-016/1",
       note 	= "\url{https://datasheetspdf.com/mobile/1402027/Joy-IT/KY-016/1}"
}
@manual{ manual:UART,
       author	= "IEEEXPLORE",
       title	= "Analysis of UART Communication Protocol",
       url		= "https://ieeexplore.ieee.org/document/9936199",
       note 	= "\url{https://ieeexplore.ieee.org/document/9936199}"
}
@manual{ manual:SPI-I2C,
       author	= "IEEEXPLORE",
       title	= "An introduction to I2C and SPI protocols",
       url		= "https://ieeexplore.ieee.org/document/4762946",
       note 	= "\url{https://ieeexplore.ieee.org/document/4762946}"
}
@manual{ manual:HTTP,
	author = "Fielding, R., Gettys, J., Mogul, J., Frystyk, H., Masinter, L., Leach, P., \& Berners-Lee, T. (1999)",
	title	= "Hypertext Transfer Protocol -- HTTP/1.1",
	year		= "1999",
	url		= "https://www.ietf.org/rfc/rfc2616.txt",
	note 	= "\url{https://www.ietf.org/rfc/rfc2616.txt}"
}
@manual{ manual:MQTT,
       author	= "IEEEXPLORE",
       title	= "MQTT Protocol: Fundamentals, Tools and Future Directions",
       url		= "https://ieeexplore.ieee.org/document/8931137",
       note 	= "\url{https://ieeexplore.ieee.org/document/8931137}"
}
@manual{ manual:Oled,
       author	= "waveshare",
       title	= "Pantalla oled sh1106 128x64 1.3 pulgadas datasheet",
       url		= "https://www.waveshare.com/w/upload/e/e3/1.3inch-SH1106-OLED.pdf",
       note 	= "\url{https://www.waveshare.com/w/upload/e/e3/1.3inch-SH1106-OLED.pdf}"
}
@manual{ manual:GNU,
       author = "GNU",
       title = "Free Software Foundation, Inc",
       url = "https://commons.wikimedia.org/wiki/Commons:GNU_Free_Documentation_License,_version_1.2",
       note = "\url{https://commons.wikimedia.org/wiki/Commons:GNU_Free_Documentation_License,_version_1.2}"
}
@misc{ manual:RPiPicoW_datasheet,
	author	= "Raspberry Pi Foundation",
	title	= "Raspberry Pi Pico W - Datasheet",
	url 	= "https://datasheets.raspberrypi.com/picow/pico-w-datasheet.pdf",
	note	= "\url{https://datasheets.raspberrypi.com/picow/pico-w-datasheet.pdf}",
}
%------- WIKI -------%
%Wikipedia o Wikibooks
@misc{ wiki:licenciaSoftware,
	author = "Wikipedia",
	title = "",
	year = "2024",
	url = "https://es.wikipedia.org/wiki/Licencia_de_software",
	note = "\url{https://es.wikipedia.org/wiki/Licencia_de_software}"
}
@misc{ wiki:micropython,
	author = "Equipo de Desarrollo de MicroPython",
	title = "MicroPython Documentation",
	year = "2024",
	url = "https://github.com/micropython/micropython/wiki",
	note = "\url{https://github.com/micropython/micropython/wiki}"
}
@misc{ wiki:SensorHumedadSuelo,
	author = "DFROBOT",
	title = "Capacitive Soil Moisture Sensor",
	year = "2024",
	month= "1",
	url = "https://wiki.dfrobot.com/Capacitive_Soil_Moisture_Sensor_SKU_SEN0193",
	note = "\url{https://wiki.dfrobot.com/Capacitive_Soil_Moisture_Sensor_SKU_SEN0193}"
}
@misc{ wiki:CreativeCommons,
       author = "Creative Commons",
       title = "Norma Creative Commons",
       url = "https://creativecommons.org/licenses/by-sa/3.0/deed.es_ES",
       note = "\url{https://creativecommons.org/licenses/by-sa/3.0/deed.es_ES}"
}
%------- MISCELÁNEA -------%
%documentos electrónicos, artículos de revistas, etc
@misc{ misc:vscode,
       author	= "Visual Studio Code",
       title	= "Code editing redefined",
       url		= "https://code.visualstudio.com/",
       note 	= "\url{https://code.visualstudio.com/}"
}
@misc{ misc:spyder,
       author	= "Spyder",
       title	= "The Scientific Python Development Environment",
       url		= "https://www.spyder-ide.org/",
       note 	= "\url{https://www.spyder-ide.org/}"
}
@misc{ misc:MQTTjs,
       author	= "MQTT.js",
       title	= "client library for the MQTT protocol",
       url		= "https://www.npmjs.com/package/mqtt",
       note 	= "\url{https://www.npmjs.com/package/mqtt}"
}
@misc{ misc:mosquitto,
       author	= "Mosquitto",
       title	= "An open source MQTT broker",
       url		= "https://mosquitto.org/",
       note 	= "\url{https://mosquitto.org/}"
}
@misc{ misc:umqtt,
       author	= "umqtt",
       title	= "Micropython",
       url		= "https://github.com/micropython/micropython-lib/tree/master/micropython/umqtt.simple/umqtt",
       note 	= "\url{https://github.com/micropython/micropython-lib/tree/master/micropython/umqtt.simple/umqtt}"
}
@misc{ misc:SSH,
       author	= "SSH",
       title	= "Communications security for humans, systems, and networks",
       url		= "https://www.ssh.com/",
       note 	= "\url{https://www.ssh.com/}"
}
@misc{ misc:Ubuntu,
       author	= "Ubuntu",
       title	= "Ubuntu",
       url		= "https://ubuntu.com/",
       note 	= "\url{https://ubuntu.com/}"
}
@misc{ misc:HP_ProLiant,
       author	= "HPE",
       title	= "HP ProLiant Servers",
       url		= "https://www.hpe.com/emea_europe/en/hpe-proliant-servers.html",
       note 	= "\url{https://www.hpe.com/emea_europe/en/hpe-proliant-servers.html}"
}
@misc{ misc:Metodologia_Cascada,
       author	= "GitMind",
       title	= "Metodología Cascada: Beneficios, Uso y Plantillas Gratuitas",
       url		= "https://gitmind.com/es/metodologia-cascada.html",
       note 	= "\url{https://gitmind.com/es/metodologia-cascada.html}"
}
@misc{ misc:MetodologiaModeloDePrototipos,
       author	= "Hostingplus",
       title	= "Modelo de prototipos: ¿qué es y cuáles son sus etapas?",
       url		= "https://www.hostingplus.com.es/blog/modelo-de-prototipos-que-es-y-cuales-son-sus-etapas/",
       note 	= "\url{https://www.hostingplus.com.es/blog/modelo-de-prototipos-que-es-y-cuales-son-sus-etapas/}"
}
@misc{ misc:PHP,
       author	= "PHP",
       title	= "A popular general-purpose scripting language",
       url		= "https://www.php.net/",
       note 	= "\url{https://www.php.net/}"
}
@misc{ misc:Linux,
       author	= "Linux.org",
       title	= "Linux",
       url		= "https://www.linux.org/",
       note 	= "\url{https://www.linux.org/}"
}
@misc{ misc:Apache,
       author	= "Apache",
       title	= "HTTP Server Project",
       url		= "https://httpd.apache.org/",
       note 	= "\url{https://httpd.apache.org/}"
}
@misc{ misc:Mysql,
       author	= "MySQL",
       title	= "The world's most popular open source database",
       url		= "https://www.mysql.com/",
       note 	= "\url{https://www.mysql.com/}"
}
@misc{ misc:Nodejs,
       author	= "Node.js",
       title	= "Open source cross platform JavaScript runtime environment",
       url		= "https://nodejs.org/en",
       note 	= "\url{https://nodejs.org/en}"
}
@misc{ misc:Scrum,
       author	= "Scrum",
       title	= "The Home of Scrum",
       url		= "https://www.scrum.org/",
       note 	= "\url{https://www.scrum.org/}"
}
@misc{ misc:SonarCloud,
       author	= "SonarSource",
       title	= "SonarCloud",
       url		= "https://www.sonarsource.com/products/sonarcloud/",
       note 	= "\url{https://www.sonarsource.com/products/sonarcloud/}"
}
@misc{ misc:Pandas,
       author	= "Pandas",
       title	= "Python for data analysis",
       url		= "https://pandas.pydata.org/",
       note 	= "\url{https://pandas.pydata.org/}"
}
@misc{ misc:Google_Colab,
       author	= "Google",
       title	= "Google Colaboratory",
       url		= "https://colab.google/",
       note 	= "\url{https://colab.google/}"
}
@misc{ misc:Jupyter_Notebook,
       author	= "Jupyter Notebook",
       title	= "Free software, open standards, and web services for interactive computing across all programming languages",
       url		= "https://jupyter.org/",
       note 	= "\url{https://jupyter.org/}"
}
@misc{ misc:IEEE,
       author	= "IEEE",
       title	= "History of IEEE",
       url		= "https://www.ieee.org/about/ieee-history.html",
       note 	= "\url{https://www.ieee.org/about/ieee-history.html}"
}
@misc{ misc:IEEE802_3,
       author	= "IEEE",
       title	= "IEEE 802.3 ETHERNET WORKING GROUP",
       url		= "https://www.ieee802.org/3/",
       note 	= "\url{https://www.ieee802.org/3/}"
}
@misc{ misc:IEEE802_15,
	   author	= "IEEE",
	   title	= "IEEE 802.15 Working Group for Wireless Specialty Networks (WSN)",
	   url		= "https://www.ieee802.org/15/",
	   note 	= "\url{https://www.ieee802.org/15/}"
}
@misc{ misc:gpio,
       author = "Raspberry Pi Foundation",
       title = "GPIO",
       url = "https://projects.raspberrypi.org/en/projects/physical-computing/1",
       note = "\url{https://projects.raspberrypi.org/en/projects/physical-computing/1}"
}
@misc{ misc:RPiPicoW,
	author	= "Raspberry Pi Foundation",
	title	= "Raspberry Pi Pico W",
	url 	= "https://www.raspberrypi.com/documentation/microcontrollers/raspberry-pi-pico.html#raspberry-pi-pico-w",
	note	= "\url{https://www.raspberrypi.com/documentation/microcontrollers/raspberry-pi-pico.html#raspberry-pi-pico-w}",
}
@misc{ misc:MicropythonFirmware,
	author	= "Micropython",
	title	= "Micropython Firmware",
	url 	= "https://micropython.org/download/RPI_PICO_W/",
	note	= "\url{https://micropython.org/download/RPI_PICO_W/}",
}
@misc{ misc:Git,
	author	= "Git",
	title	= "free and open source distributed version control system",
	url 	= "https://git-scm.com/",
	note	= "\url{https://git-scm.com/}",
}
@misc{ misc:Github,
	author	= "Github",
	title	= "Github",
	url 	= "https://github.com/",
	note	= "\url{https://github.com/}",
}
@misc{ misc:Bitbucket,
	author	= "Bitbucket",
	title	= "Bitbucket",
	url 	= "https://bitbucket.org/",
	note	= "\url{https://bitbucket.org/}",
}
@misc{ misc:SVN,
	author	= "SVN",
	title	= "Apache Subversion",
	url 	= "https://subversion.apache.org/",
	note	= "\url{https://subversion.apache.org/}",
}
@misc{ misc:Thonny,
	author	= "Thonny",
	title	= "Python IDE for beginners",
	url 	= "https://thonny.org/",
	note	= "\url{https://thonny.org/}",
}
@misc{ misc:Telegram,
	author	= "Telegram",
	title	= "Telegram",
	url 	= "https://telegram.org/",
	note	= "\url{https://telegram.org/}",
}
@misc{ misc:TelegramApps,
	author	= "Telegram",
	title	= "Telegram Apps",
	url 	= "https://telegram.org/apps",
	note	= "\url{https://telegram.org/apps}",
}
@misc{ misc:Telegram_bots,
	author	= "Telegram",
	title	= "Telegram bots",
	url 	= "https://core.telegram.org/bots",
	note	= "\url{https://core.telegram.org/bots}",
}
@misc{ misc:BotFather,
	author	= "Telegram",
	title	= "BotFather",
	url 	= "https://telegram.me/BotFather",
	note	= "\url{https://telegram.me/BotFather}",
}
@misc{ misc:Telegram_api,
	author	= "Telegram",
	title	= "Telegram API",
	url 	= "https://core.telegram.org/api",
	note	= "\url{https://core.telegram.org/api}",
}
@misc{ misc:WorlTimeAPI,
	author	= "WorlTimeAPI",
	title	= "Simple web service which returns the current local time for a given timezone",
	url 	= "http://worldtimeapi.org/",
	note	= "\url{http://worldtimeapi.org/}",
}
@misc{ misc:Fritzing,
	author	= "Fritzing",
	title	= "Electronics made easy",
	url 	= "https://fritzing.org/",
	note	= "\url{https://fritzing.org/}",
}
@misc{ misc:Latex,
	author	= "LaTeX",
	title	= "The LaTeX project",
	url 	= "https://www.latex-project.org/",
	note	= "\url{https://www.latex-project.org/}",
}
@misc{ misc:Overleaf,
	author	= "Overleaf",
	title	= "Overleaf",
	url 	= "https://www.overleaf.com/",
	note	= "\url{https://www.overleaf.com/}",
}
@misc{ misc:Powerbank,
	author	= "Amazon",
	title	= "Batería externa 20000 mAh",
	url 	= "https://www.amazon.es/YWTESCH-20000mAh-Cargador-Powerbank-Compatible/dp/B08B4HHJVH",
	note	= "\url{https://www.amazon.es/YWTESCH-20000mAh-Cargador-Powerbank-Compatible/dp/B08B4HHJVH}",
}
@misc{ misc:EnrutadorWifi,
	author	= "Amazon",
	title	= "Enrutador Wifi USB 4G LTE, router Wifi portátil de 150 Mbps",
	url 	= "https://www.amazon.com/-/es/Enrutador-enrutador-exteriores-computadoras-port%C3%A1tiles/dp/B0C3BKF7HP/",
	note	= "\url{https://www.amazon.com/-/es/Enrutador-enrutador-exteriores-computadoras-port%C3%A1tiles/dp/B0C3BKF7HP/}",
}
@misc{ misc:PanelSolar,
	author	= "Led-atomant",
	title	= "Panel solar IP65 de 8W y 5V con cargador USB tipo C",
	url 	= "https://led-atomant.com/es/jardin-y-solar/506-panel-solar-ip65-de-8w-y-5v-con-cargador-usb-tipo-c.html",
	note	= "\url{https://led-atomant.com/es/jardin-y-solar/506-panel-solar-ip65-de-8w-y-5v-con-cargador-usb-tipo-c.html}",
}
@misc{ misc:RPiPico,
	author	= "Raspberry Pi Foundation",
	title	= "Raspberry Pi Pico",
	url 	= "https://www.raspberrypi.com/documentation/microcontrollers/raspberry-pi-pico.html",
	note	= "\url{https://www.raspberrypi.com/documentation/microcontrollers/raspberry-pi-pico.html}",
}
@misc{ misc:RbPWeb,
       author = "Raspberry Pi Foundation",
       title = "Raspberry Pi Foundation",
	   year	= "2024",
	   month= "1",
       url = "https://www.raspberrypi.org/",
       note = "\url{https://www.raspberrypi.org/}"
}
@misc{ misc:Python,
       author = "BOE",
       title = "Python Software Foundation",
       url = "https://www.python.org",
       note = "\url{https://www.python.org}"
}
@misc{ misc:Json,
       author = "ECMA",
       title = "JavaScript Object Notation",
       url = "https://www.json.org/json-es.html",
       note = "\url{https://www.json.org/json-es.html}"
}
@misc{ misc:OpenSource,
       author = "OpenSource",
       title = "OpenSource",
       url = "https://opensource.org/",
       note = "\url{https://opensource.org/}"
}
%------- TESIS -------%
@misc{TesisBaron2017,
  author      = {Barón Cuevas, Alejandro},
  title       = {Monitorización de la energía consumida mediante Raspberry Pi para sistema domótico},
  school      = {UC3M. Departamento de Teoría de la Señal y Comunicaciones},
  year        = {2017},
  month       = {09},
  type        = {Ingeniería en Tecnologías de Telecomunicación},
  note        = {Tesis de maestría},
  url         = {http://hdl.handle.net/10016/28046},
}
@misc{TesisSantos2017,
  author      = {Santos Senra, Héctor},
  title       = {Diseño e implementación de un sistema domótico basado en Raspberry Pi},
  school      = {UC3M. Departamento de Informática},
  year        = {2017},
  month       = {02},
  type        = {Ingeniería Informática},
  note        = {Tesis de maestría},
  url         = {http://hdl.handle.net/10016/26313},
  keywords    = {Domótica, Linux, Raspbian, RaspberryPi, JavaScript, Microprocesadores},
}
